@article{Brown:2011qg,
      author         = "Brown, J. David",
      title          = "{Generalized Harmonic Equations in 3+1 Form}",
      journal        = "Phys. Rev.",
      volume         = "D84",
      year           = "2011",
      pages          = "124012",
      doi            = "10.1103/PhysRevD.84.124012",
      eprint         = "1109.1707",
      archivePrefix  = "arXiv",
      primaryClass   = "gr-qc",
      SLACcitation   = "%%CITATION = ARXIV:1109.1707;%%"
}
@article{Garfinkle:1999cm,
      author         = "Garfinkle, David and Gundlach, Carsten",
      title          = "{Symmetry seeking space-time coordinates}",
      journal        = "Class. Quant. Grav.",
      volume         = "16",
      year           = "1999",
      pages          = "4111-4123",
      doi            = "10.1088/0264-9381/16/12/325",
      eprint         = "gr-qc/9908016",
      archivePrefix  = "arXiv",
      primaryClass   = "gr-qc",
      SLACcitation   = "%%CITATION = GR-QC/9908016;%%"
}
@article{Garfinkle:2007yt,
      author         = "Garfinkle, David and Gundlach, Carsten and Hilditch,
                        David",
      title          = "{Comments on Bona-Masso type slicing conditions in
                        long-term black hole evolutions}",
      journal        = "Class. Quant. Grav.",
      volume         = "25",
      year           = "2008",
      pages          = "075007",
      doi            = "10.1088/0264-9381/25/7/075007",
      eprint         = "0707.0726",
      archivePrefix  = "arXiv",
      primaryClass   = "gr-qc",
      SLACcitation   = "%%CITATION = ARXIV:0707.0726;%%"
}
@book{BauSha10,
  title={Numerical relativity: solving Einstein's equations on the computer},
  author={Baumgarte, Thomas W and Shapiro, Stuart L},
  year={2010},
  publisher={Cambridge University Press}
}
@book{Mag07,
  title={Gravitational Waves: Volume 1: Theory and Experiments},
  author={Maggiore, Michele},
  volume={1},
  year={2007},
  publisher={Oxford university press}
}
